 @misc{de1,
 author   ={Altera},
 title   ={{DE1\_SoC Reference Manual}},
 note   = {http://www.ee.ic.ac.uk/pcheung/teaching/ee2digital/DE1SoCUsermanual.pdf,
 }
}
 @misc{SM,
 author   ={Oyostepper},
 title   ={{23Hs22-2804S data sheet}},
 note   = {https://www.oyostepper.com/images/upload/File/23HS22-2804S.pdf,
 }
}
 @misc{SMD,
 author   ={Leadshine Technology CO, Ltd},
 title   ={{DM542 User Manual}},
 note   = {http://robokits.download/datasheets/Leadshine%20DM542.pdf,
 }
}
 @misc{wifiStandards,
 author   ={IEEE Standards Association},
 title   ={{IEEE 802.15.3e-2017 - IEEE Standard for
     High Data Rate Wireless Multi-Media Networks--Amendment 1: High-Rate Close Proximity Point-to-Point Communications}},
 note   = {https://standards.ieee.org/standard/802\_15\_3e-2017.html
 }
}
 @misc{armStandards,
 author   ={ARM Limited},
 title   ={{Procedure Call Standard for the
     ARM Architecture}},
 note   = {http://infocenter.arm.com/help/topic/com.arm.doc.ihi0042f/IHI0042F\_aapcs.pdf
 }
}
 @misc{cam,
 author   ={sv3c},
 title   ={{WiFi Camera Outdoor, SV3C
     Surveillance CCTV, 1080P HD Night
     Vision Bullet Cameras, Waterproof
     Security Camera, IR LED Motion Detection
     IP Cameras for Indoor Outdoor, Support Max
     128GB SD Card }},
 note   = {https://www.amazon.com/dp/B07789DM4R/?coliid=I1G2VVNW6NF88L\&colid=22YAOKWOJAKA9\&psc=0\&ref\_=lv\_ov\_lig\_dp\_it
 }
}
 @misc{raspB,
 author   ={Raspberry Foundation},
 title   ={{Products Page }},
 note   = {https://www.raspberrypi.org/products/raspberry-pi-3-model-b/
 }
}
 @misc{smR,
 author   ={STEPPERONLINE},
 title   ={{Nema 23 CNC Stepper Motor
     2.8A 178.5oz.in/1.26Nm CNC Stepping Motor DIY CNC Mill}},
 note   = {https://www.amazon.com/dp/B00PNEPF5I/?coliid=I3APKEM9Y17HEP\&colid=22YAOKWOJAKA9\&psc=0\&ref\_=lv\_ov\_lig\_dp\_it
 }
}
 @misc{smdataR,
 author   ={STEPPERONLINE},
 title   ={{Stepper Motor}},
 note   = {https://www.omc-stepperonline.com/download/23HS22-2804S.pdf
 }
}
